@article{rakhmatulin_2021_raspberry,
	title={Raspberry PI for kill mosquitoes by laser},
	author={Rakhmatulin, Ildar},
	journal={Available at SSRN 3772579},
	year={2021}
}

@article{ma_2019_ack,
  title={ACK-MSCKF: Tightly-coupled Ackermann multi-state constraint Kalman filter for autonomous vehicle localization},
  author={Ma, Fangwu and Shi, Jinzhu and Yang, Yu and Li, Jinhang and Dai, Kai},
  journal={Sensors},
  volume={19},
  number={21},
  pages={4816},
  year={2019},
  publisher={MDPI}
}