@article{rakhmatulin_2021_raspberry,
	title={Raspberry PI for kill mosquitoes by laser},
	author={Rakhmatulin, Ildar},
	journal={Available at SSRN 3772579},
	year={2021}
}